<?xml version="1.0" encoding="UTF-8"?><collection xmlns="http://www.loc.gov/MARC21/slim"><record><leader>00568nam--2200181-i-4500</leader><controlfield tag="001">000011966</controlfield><controlfield tag="002">20161230</controlfield><controlfield tag="005">20161230201029</controlfield><controlfield tag="008">060222s1000------------r-----000-0-fre-d</controlfield><datafield ind1=" " ind2=" " tag="040"><subfield code="a">IFIN-HH</subfield></datafield><datafield ind1=" " ind2=" " tag="041"><subfield code="a">fre</subfield></datafield><datafield ind1=" " ind2=" " tag="080"><subfield code="a">519.769(043)</subfield></datafield><datafield ind1="1" ind2=" " tag="100"><subfield code="a">Chauche, Jacques</subfield></datafield><datafield ind1="1" ind2="0" tag="245"><subfield code="a">Transducteurs &amp; arborescences. etudes et realisations de systems applquees aux grammaires transformationnelles</subfield><subfield code="b">These</subfield><subfield code="c">Jacques chauche</subfield></datafield><datafield ind1=" " ind2=" " tag="260"><subfield code="a">Grenoble</subfield><subfield code="b">UNIVERSITE SCIENTIFIQUE ET MEDICALEc1974</subfield></datafield><datafield ind1=" " ind2=" " tag="300"><subfield code="a">/DIF.PAG.</subfield></datafield><datafield ind1=" " ind2=" " tag="852"><subfield code="a">44159</subfield><subfield code="c">519.283</subfield></datafield><datafield ind1=" " ind2=" " tag="CAT"><subfield code="a">Sys</subfield><subfield code="c">20130808</subfield><subfield code="h">130610</subfield></datafield></record></collection>